@misc{xmlresource,
  author = {W3Schools},
  title = {{XML Tutorial}},
  howpublished = "\url{http://www.w3schools.com/xml/default.asp/}",
  year = {2015}, 
  note = "[Online; accessed 15-Februari-2015]"
}

@misc{javalocale,
  author = {oracle.com},
  title = {{Class Locale}},
  howpublished = "\url{http://docs.oracle.com/javase/7/docs/api/java/util/Locale.html/}",
  year = {2015}, 
  note = "[Online; accessed 15-Februari-2015]"
}

@misc{javabundle,
  author = {oracle.com},
  title = {{Class ResourceBundle}},
  howpublished = "\url{http://docs.oracle.com/javase/7/docs/api/java/util/ResourceBundle.html}",
  year = {2015}, 
  note = "[Online; accessed 15-Februari-2015]"
}

@misc{jenkov,
  author = {jenkov.com},
  title = {{Java ResourceBundle}},
  howpublished = "\url{http://tutorials.jenkov.com/java-internationalization/resourcebundle.html/}",
  year = {2015}, 
  note = "[Online; accessed 15-Februari-2015]"
}

@misc{eventdrivenwiki,
  author = {wikipedia.com},
  title = {{Event-driven-programming}},
  howpublished = "\url{http://en.wikipedia.org/wiki/Event-driven_programming}",
  year = {2015}, 
  note = "[Online; accessed 15-Februari-2015]"
}

@misc{eventdrivenStephen,
  author = {Stephen Ferg},
  title = {{Event-Driven Programming: Introduction, Tutorial, History}},
  howpublished = "\url{http://Tutorial_EventDrivenProgramming.sourceforge.net }",
  year = {2006}, 
  note = "[Online; accessed 15-Februari-2015]"
}

@misc{concurrent,
  author = {wikipedia.com},
  title = {{Concurrent Computing}},
  howpublished = "\url{http://en.wikipedia.org/wiki/Concurrent_computing}",
  year = {2015}, 
  note = "[Online; accessed 15-Februari-2015]"
}

@misc{deadlock,
  author = {wikipedia.com},
  title = {{Concurrent Computing}},
  howpublished = "\url{http://en.wikipedia.org/wiki/Deadlocks}",
  year = {2015}, 
  note = "[Online; accessed 15-Februari-2015]"
}

@misc{scratch,
  author = {MIT},
  title = {{Scratch}},
  howpublished = "\url{https://scratch.mit.edu/}",
  year = {2015}, 
  note = "[Online; accessed 15-Februari-2015]"
}

@misc{blockly,
  author = {Google},
  title = {{Blockly}},
  howpublished = "\url{https://developers.google.com/blockly/}",
  year = {2015}, 
  note = "[Online; accessed 15-Februari-2015]"
}

@misc{unreal,
  author = {Epic Games},
  title = {{Unreal Engine 4}},
  howpublished = "\url{https://www.unrealengine.com}",
  year = {2015}, 
  note = "[Online; accessed 15-Februari-2015]"
}

@misc{hashmap,
  author = {oracle.com},
  title = {{Class HashMap$<$K,V$>$}},
  howpublished = "\url{http://docs.oracle.com/javase/7/docs/api/java/util/HashMap.html}",
  year = {2015}, 
  note = "[Online; accessed 19-Februari-2015]"
}

@misc{linkedlist,
  author = {oracle.com},
  title = {{Class LinkedList$<$E$>$}},
  howpublished = "\url{http://docs.oracle.com/javase/7/docs/api/java/util/LinkedList.html}",
  year = {2015}, 
  note = "[Online; accessed 19-Februari-2015]"
}

@misc{arraylist,
  author = {oracle.com},
  title = {{Class ArrayList$<$E$>$}},
  howpublished = "\url{http://docs.oracle.com/javase/7/docs/api/java/util/ArrayList.html}",
  year = {2015}, 
  note = "[Online; accessed 19-Februari-2015]"
}

@misc{stack,
  author = {oracle.com},
  title = {{Class Stack$<$E$>$}},
  howpublished = "\url{http://docs.oracle.com/javase/7/docs/api/java/util/Stack.html}",
  year = {2015}, 
  note = "[Online; accessed 19-Februari-2015]"
}

@misc{lambda,
  author = {oracle.com},
  title = {{Lambda Expressions}},
  howpublished = "\url{http://docs.oracle.com/javase/tutorial/java/javaOO/lambdaexpressions.html}",
  year = {2015}, 
  note = "[Online; accessed 19-Februari-2015]"
}

